@article{Smith2020,
  author  = {Smith, John D. and Doe, Jane Q.},
  title   = {A Comprehensive Review of Event Shocks},
  journal = {Journal of Shock Studies},
  year    = {2020},
  volume  = {15},
  number  = {2},
  pages   = {123--145},
  doi     = {10.1000/jss.2020.15.2.123}
}

@book{Jones2018,
  author    = {Jones, Alice},
  title     = {Shock Dynamics in Crisis},
  publisher = {Academic Press},
  year      = {2018},
  address   = {New York, NY}
}
